@article{LustOkar2006,
  title={Elections under Authoritarianism: Preliminary Lessons from Jordan},
  author={Lust-Okar, Ellen},
  journal={Democratization},
  volume={13},
  number={3},
  pages={456--471},
  year={2006},
  publisher={Taylor \& Francis}
}

@book{AR2005,
  title={Economic Origins of Dictatorship and Democracy},
  author={Acemoglu, Daron and Robinson, James A},
  year={2005},
  place = {Cambridge, UK},
  publisher={Cambridge University Press}
}

@book{LustOkar2005,
  title={Structuring Conflict in the Arab World: Incumbents, Opponents, and Institutions},
  author={Lust-Okar, Ellen},
  year={2005},
  publisher={Cambridge University Press}
}

@book{Geddes2003,
	title={Paradigms and sand castles: Theory building and research design in comparative politics},
	author={Geddes, Barbara},
	year={2003},
	publisher={University of Michigan Press}
}

@article{Lorentzen2013,
  title={Regularizing Rioting: Permitting Public Protest in an Authoritarian Regime},
  author={Lorentzen, Peter L and others},
  journal={Quarterly Journal of Political Science},
  volume={8},
  number={2},
  pages={127--158},
  year={2013},
  publisher={Now Publishers, Inc.}
}

@inbook{Geddes2018, 
	place={Cambridge}, 
	title={Why Parties and Elections in Dictatorships?}, 
	DOI={10.1017/9781316336182.006}, 
	booktitle={How Dictatorships Work: Power, Personalization, and Collapse}, 
	publisher={Cambridge University Press}, 
	bookauthor={Geddes, Barbara and Wright, Joseph and Frantz, Erica}, 
	author={Geddes, Barbara},
	year={2018}, 
	pages={129–153}}

@article{GeddesWrightFrantz2014,
	title={Autocratic breakdown and regime transitions: A new data set},
	author={Geddes, Barbara and Wright, Joseph and Frantz, Erica},
	journal={Perspectives on Politics},
	volume={12},
	number={2},
	pages={313--331},
	year={2014},
	publisher={Cambridge University Press}
}

@article{Wahman2013,
	title={Authoritarian regime types revisited: updated data in comparative perspective},
	author={Wahman, Michael and Teorell, Jan and Hadenius, Axel},
	journal={Contemporary Politics},
	volume={19},
	number={1},
	pages={19--34},
	year={2013},
	publisher={Taylor \& Francis}
}

@article{Miller2015,
  title={Elections, Information, and Policy Responsiveness in Autocratic Regimes},
  author={Miller, Michael K},
  journal={Comparative Political Studies},
  volume={48},
  number={6},
  pages={691--727},
  year={2015},
  publisher={Sage Publications}
}

@book{Magaloni2006,
  title={Voting for Autocracy: Hegemonic Party Survival and its Demise in Mexico},
  author={Magaloni, Beatriz},
  year={2006},
  place = {Cambridge, UK},
  publisher={Cambridge University Press}
}

@article{Magaloni2008,
  title={Credible power-sharing and the longevity of authoritarian rule},
  author={Magaloni, Beatriz},
  journal={Comparative Political Studies},
  volume={41},
  number={4-5},
  pages={715--741},
  year={2008},
  publisher={SAGE Publications Sage CA: Los Angeles, CA}
}

@book{Blaydes2010,
	title={Elections and Distributive Politics in Mubarak’s Egypt},
	author={Blaydes, Lisa},
	year={2010},
	place = {New York, NY},
	publisher={Cambridge University Press}
}

@article{Rozenas2016,
	title={Office insecurity and electoral manipulation},
	author={Rozenas, Arturas},
	journal={The Journal of Politics},
	volume={78},
	number={1},
	pages={232--248},
	year={2016},
	publisher={University of Chicago Press Chicago, IL}
}

@book{Morgenbesser2016,
	title={Behind the fa{\c{c}}ade: Elections under authoritarianism in Southeast Asia},
	author={Morgenbesser, Lee},
	year={2016},
	publisher={SUNY Press}
}

@phdthesis{Hou2017,
  title={Participatory Autocracy: Private Entrepreneurs, legislatures, and property protection in China},
  author={Hou, Yue},
  year={2017},
  school={Massachusetts Institute of Technology}
}

@article{Schedler2002menu,
  title={The Menu of Manipulation},
  author={Schedler, Andreas},
  journal={Journal of democracy},
  volume={13},
  number={2},
  pages={36--50},
  year={2002},
  publisher={The Johns Hopkins University Press}
}

@article{BunceWolchik2010,
  title={Defeating dictators: Electoral change and stability in competitive authoritarian regimes},
  author={Bunce, Valerie J and Wolchik, Sharon L},
  journal={World Politics},
  volume={62},
  number={01},
  pages={43--86},
  year={2010},
  publisher={Cambridge Univ Press}
}

@book{LevistkyWay2010,
  title={Competitive authoritarianism: Hybrid regimes after the cold war},
  author={Levitsky, Steven and Way, Lucan A},
  year={2010},
  publisher={Cambridge University Press}
}

@article{Schedler2002,
  title={The nested game of democratization by elections},
  author={Schedler, Andreas},
  journal={International Political Science Review},
  volume={23},
  number={1},
  pages={103--122},
  year={2002},
  publisher={Sage Publications London}
}

@article{Manion2014,
  title={“Good types” in authoritarian elections: The selectoral connection in Chinese local congresses},
  author={Manion, Melanie},
  journal={Comparative Political Studies},
  pages={0010414014537027},
  year={2014},
  publisher={SAGE Publications Sage CA: Los Angeles, CA}
}

@article{MaleskySchuler2009,
	title={Paint-by-numbers Democracy: the Stakes, Structure, and Results of the 2007 Vietnamese National Assembly Election},
	author={Malesky, Edmund and Schuler, Paul},
	journal={Journal of Vietnamese Studies},
	volume={4},
	number={1},
	pages={1--48},
	year={2009},
	publisher={University of California Press Journals}
}

@article{MaleskySchuler2011,
  title={The Single-Party Dictator's Dilemma: Information in Elections without Opposition},
  author={Malesky, Edmund and Schuler, Paul},
  journal={Legislative Studies Quarterly},
  volume={36},
  number={4},
  pages={491--530},
  year={2011},
  publisher={Wiley Online Library}
}

@book{JensenMalesky2018,
	title={Incentives to Pander: How Politicians use Corporate Welfare for Political Gain},
	author={Jensen, Nathan M and Malesky, Edmund J},
	year={2018},
	publisher={Cambridge University Press}
}

@inproceedings{Cox2009,
  title={Authoritarian Elections and Leadership Succession, 1975-2004},
  author={Cox, Gary W},
  year={2009},
  place = {Toronto},
  booktitle = {APSA 2009 Toronto Meeting Paper},
  url = {https://ssrn.com/abstract=1449034}
}

@book{Brownlee2007,
	title={Authoritarianism in an Age of Democratization},
	author={Brownlee, Jason},
	year={2007},
	publisher={Cambridge University Press}
}

@book{Simpser2013,
  title={Why Governments and Parties Manipulate Elections: Theory, Practice, and Implications},
  author={Simpser, Alberto},
  year={2013},
  publisher={Cambridge University Press}
}

@article{Gainsborough2005,
  title={Party Control: Electoral Campaigning in Vietnam in the Run-up to the May 2002 National Assembly Elections},
  author={Gainsborough, Martin},
  journal={Pacific Affairs},
  volume={78},
  number={1},
  pages={57--75},
  year={2005},
  publisher={Pacific Affairs, a division of the University of British Columbia}
}

@article{Darden2008,
  title={The Integrity of Corrupt States: Graft as an Informal State Institution},
  author={Darden, Keith},
  journal={Politics \& Society},
  volume={36},
  number={1},
  pages={35--59},
  year={2008},
  publisher={Sage Publications Sage CA: Los Angeles, CA}
}

@article{Ashenfelter1978,
  title={Estimating the effect of training programs on earnings},
  author={Ashenfelter, Orley},
  journal={The Review of Economics and Statistics},
  pages={47--57},
  year={1978},
  publisher={JSTOR}
}

@misc{AshenfelterCard1985,
  title={Using the longitudinal structure of earnings to estimate the effect of training programs},
  author={Ashenfelter, Orley nd Card, David},
  journal={The Review of Economics and Statistics},
  pages={648--66},
  year={1985},
  publisher={JSTOR}
}

@article{Lalonde1986,
  title={Evaluating the econometric evaluations of training programs with experimental data},
  author={LaLonde, Robert J},
  journal={The American Economic Review},
  pages={604--620},
  year={1986},
  publisher={JSTOR}
}

@article{DehejiaWahba1999,
  title={Causal effects in nonexperimental studies: Reevaluating the evaluation of training programs},
  author={Dehejia, Rajeev H and Wahba, Sadek},
  journal={Journal of the American statistical Association},
  volume={94},
  number={448},
  pages={1053--1062},
  year={1999},
  publisher={Taylor \& Francis Group}
}

@article{ImaiKim2019,
	title={When should we Use Unit Fixed Effects Regression Models for Causal Inference with Longitudinal Data?},
	author={Imai, Kosuke and Kim, In Song},
	journal={American Journal of Political Science},
	volume={63},
	number={2},
	pages={467--490},
	year={2019},
	publisher={Wiley Online Library}
}

@article{Abadie2010,
  title={Synthetic Control Methods for Comparative Case Studies: Estimating the Effect of California’s Tobacco Control Program},
  author={Abadie, Alberto and Diamond, Alexis and Hainmueller, Jens},
  journal={Journal of the American Statistical Association},
  volume={105},
  number={490},
  pages={493--505},
  year={2010},
  publisher={Taylor \& Francis}
}

@article{Abadie2015,
  title={Comparative politics and the synthetic control method},
  author={Abadie, Alberto and Diamond, Alexis and Hainmueller, Jens},
  journal={American Journal of Political Science},
  volume={59},
  number={2},
  pages={495--510},
  year={2015},
  publisher={Wiley Online Library}
}

@article{AbadieSynth,
  title={Synth: An r package for synthetic control methods in comparative case studies},
  author={Abadie, Alberto and Diamond, Alexis and Hainmueller, Jens},
  year={2011}
}

@article{BowersPanagopoulous2011,
  title={Fisher’s randomizationm ode of statistical inference, then and now.},
  author={Bowers, Jake and Panagopoulos, Costas},
  year={2011},
  publisher={Citeseer}
}

@article{AR2001,
  title={A theory of political transitions},
  author={Acemoglu, Daron and Robinson, James A},
  journal={American Economic Review},
  pages={938--963},
  year={2001},
  publisher={JSTOR}
}

@book{AchenBartels2016,
  title={Democracy for realists: Why elections do not produce responsive government},
  author={Achen, Christopher H and Bartels, Larry M},
  year={2016},
  publisher={Princeton University Press}
}

@book{Myagkov2009,
  title={The Forensics of Election Fraud: Russia and Ukraine},
  author={Myagkov, Mikhail and Ordeshook, Peter C and Shakin, Dimitri},
  year={2009},
  publisher={Cambridge University Press}
}

@book{Wintrobe2000,
  title={The Political Economy of Dictatorship},
  author={Wintrobe, Ronald},
  year={2000},
  publisher={Cambridge University Press}
}

@MISC{vov2016,
  author = {{Minh Hoa}},
  title = {Mot So Nguoi Duoc Trung Uong Gioi Thieu Khong Trung Cu DBQH [Some Central Nominees did not Win NA Elections]},
  howpublished = {Voice of Vietnam},
  month = {May},
  year = {2016},
  url = {http://vov.vn/chinh-tri/quoc-hoi/mot-so-nguoi-duoc-trung-uong-gioi-thieu-khong-trung-cu-dbqh-515087.vov},
  note = {[Online; posted 28-May-2016]},
}

@MISC{laodong2016,
  author = {{Xuan Hai}},
  title = {15 nguoi do Trung uong gioi thieu khong trung cu dai bieu Quoc hoi [15 central nominees did not win NA elections]},
  howpublished = {Lao Dong (Labor)},
  month = {June},
  year = {2016},
  url = {http://laodong.com.vn/chinh-tri/15-nguoi-do-trung-uong-gioi-thieu-khong-trung-cu-dai-bieu-quoc-hoi-560246.bld},
  note =  {[Online; posted 08-June-2016]},
}

@MISC{vnexpress2016,
  author = {{Cuu Long}},
  title = {Can Tho, Soc Trang bau thieu dai bieu Quoc hoi [Can Tho, Soc Trang fails to elect enough NA legislators]},
  howpublished = {Vietnam Express},
  month = {May},
  year = {2016},
  url = {http://vnexpress.net/tin-tuc/thoi-su/can-tho-soc-trang-bau-thieu-dai-bieu-quoc-hoi-3409101.html},
  note = {[Online; posted 25-May-2016]},
}

@MISC{vnexpress2016_2,
  author = {{Vo Hai}},
  title = {Ha Noi De Nghi Giam Ung Vien Dai Bieu Quoc Hoi Tu Trung Uong[Hanoi Requests Fewer Centrally-nominated Candidates]},
  howpublished = {Vietnam Express},
  month = {Feb},
  year = {2016},
  url = {http://vnexpress.net/tin-tuc/thoi-su/ha-noi-de-nghi-giam-ung-vien-dai-bieu-quoc-hoi-tu-trung-uong-3356184.html},
  note = {[Online; posted 17-February-2016]},
}

@MISC{voa2012,
  author= {{Voice of America Vietnamese}},
  title = {Khong thi hanh ky luat mot dong chi trong Bo Chinh tri[No disciplinary action for one comrade in the Politburo]},
  howpublished = {Voice of America Vietnamese},
  month = {Oct},
  year = {2012},
  url = {http://www.voatiengviet.com/a/vietnam-khong-thi-hanh-ky-luat-mot-dong-chi-trong-bo-chinh-tri/1527329.html},
  note = {[Online; posted 16-October-2012]},
}

@MISC{BBC2017,
  author= {Le, Quynh},
  title = {Vietnam sacks top official for PetroVietnam `violation'},
  howpublished = {BBC Vietnamese},
  month = {May},
  year = {2017},
  url = {http://www.bbc.com/news/world-asia-39840943},
  note = {[Online; posted 08-May-2017]},
}

@article{Larreguy2016,
  title={Parties, brokers, and voter mobilization: How turnout buying depends upon the party’s capacity to monitor brokers},
  author={Larreguy, Horacio and Marshall, John and Querubin, Pablo},
  journal={American Political Science Review},
  volume={110},
  number={01},
  pages={160--179},
  year={2016},
  publisher={Cambridge Univ Press}
}

@incollection{Mebane2006,
  title={Election Forensics: The Second-digit Benford’s Law Test and Recent American Presidential Elections},
  author={Mebane, Walter},
  booktitle={Election Fraud: Detecting and Deterring Electoral Manipulation},
  editor = {Alvarez, R.Michael and Hall, Thad E. and Hyde, Susan D.},
  pages={162--181},
  year={2008},
  place = {Washington, D.C.},
  publisher={Brooking Press}
}

@inproceedings{Mebane2009,
  title={Comparative Election Fraud Detection},
  author={Mebane, Walter R and Kalinin, Kirill},
  booktitle={APSA 2009 Toronto Meeting Paper},
  place = {Toronto},
  url = {https://www.ssrn.com/abstract=1450078},
  year={2009}
}

@article{Beber2012,
  title={What the Numbers Say: A Digit-based Test for Election Fraud},
  author={Beber, Bernd and Scacco, Alexandra},
  journal={Political Analysis},
  volume={20},
  number={2},
  pages={211--234},
  year={2012},
  publisher={Cambridge University Press}
}

@book{Berger2015,
  title={An Introduction to Benford's Law},
  author={Berger, Arno and Hill, Theodore P},
  year={2015},
  address = {Princeton, NJ},
  publisher={Princeton University Press}
}

@article{Hill1995,
  title={The Significant-digit Phenomenon},
  author={Hill, Theodore P},
  journal={The American Mathematical Monthly},
  volume={102},
  number={4},
  pages={322--327},
  year={1995},
  publisher={JSTOR}
}

@incollection{Reed2001,
  author      = {Reed, Steven},
  title       = "Impersonal mechanisms versus personal networks in the distribution of central grants-in-aid to local governments in Japan",
  editor      = {Muramatsu, Michio and Kume, Jkuo and Iqbal, Farruku},
  booktitle   = "Local Governments in Post-War Japan",
  publisher   = "Oxford University Press",
  address     = "Oxford",
  year        = 2001
}

@article{DiazMagaloni2001,
  title={Party dominance and the logic of electoral design in Mexico’s transition to democracy},
  author={Diaz-Cayeros, Alberto and Magaloni, Beatriz},
  journal={Journal of Theoretical Politics},
  volume={13},
  number={3},
  pages={271--293},
  year={2001},
  publisher={Sage Publications Sage CA: Thousand Oaks, CA}
}

@article{Pepinsky2009,
  title={The 2008 Malaysian elections: an end to ethnic politics?},
  author={Pepinsky, Thomas B},
  journal={Journal of East Asian Studies},
  volume={9},
  number={01},
  pages={87--120},
  year={2009},
  publisher={Cambridge Univ Press}
}

@article{DixitLondregan1996,
  title={The determinants of success of special interests in redistributive politics},
  author={Dixit, Avinash and Londregan, John},
  journal={the Journal of Politics},
  volume={58},
  number={4},
  pages={1132--1155},
  year={1996},
  publisher={University of Texas Press}
}

@book{Stokes2013,
  title={Brokers, voters, and clientelism: The puzzle of distributive politics},
  author={Stokes, Susan C and Dunning, Thad and Nazareno, Marcelo and Brusco, Valeria},
  year={2013},
  publisher={Cambridge University Press}
}

@article{BoixSvolik2013,
  title={The foundations of limited authoritarian government: Institutions, commitment, and power-sharing in dictatorships},
  author={Boix, Carles and Svolik, Milan W},
  journal={The Journal of Politics},
  volume={75},
  number={2},
  pages={300--316},
  year={2013},
  publisher={Cambridge University Press New York, USA}
}

@article{RundlettSvolik2016,
	title={Deliver the Vote! Micromotives and Macrobehavior in Electoral Fraud},
	author={Rundlett, Ashlea and Svolik, Milan W},
	journal={American Political Science Review},
	volume={110},
	number={1},
	pages={180--197},
	year={2016},
	publisher={Cambridge University Press}
}

@book{Svolik2012,
  title={The Politics of Authoritarian Rule},
  author={Svolik, Milan W},
  year={2012},
  publisher={Cambridge University Press}
}

@article{GandhiPrzeworski2007,
  title={Authoritarian institutions and the survival of autocrats},
  author={Gandhi, Jennifer and Przeworski, Adam},
  journal={Comparative political studies},
  volume={40},
  number={11},
  pages={1279--1301},
  year={2007},
  publisher={Sage Publications Sage CA: Los Angeles, CA}
}

@book{Soifer2015,
  title={State Building in Latin America},
  author={Soifer, Hillel David},
  year={2015},
  publisher={Cambridge University Press}
}

@book{Scott1998,
  title={Seeing like a state: How certain schemes to improve the human condition have failed},
  author={Scott, James C},
  year={1998},
  publisher={Yale University Press}
}

@book{Truex2016,
  title={Making Autocracy Work: Representation and Responsiveness in Modern China},
  author={Truex, Rory},
  year={2016},
  publisher={Cambridge University Press}
}

@misc{MaleskyPhan2017,
  title = {Dataset on Careers of Vietnam's Provincial Bureaucrats},
  year = {2017},
  author={Maleksy, Edmund and Phan, Ngoc},
  howpublished = {Personal communication},
  date = {March 30, 2017}
}

@article{Gelman2014,
	title={Beyond power calculations: Assessing type S (sign) and type M (magnitude) errors},
	author={Gelman, Andrew and Carlin, John},
	journal={Perspectives on Psychological Science},
	volume={9},
	number={6},
	pages={641--651},
	year={2014},
	publisher={Sage Publications Sage CA: Los Angeles, CA}
}

@article{CattaneoTitiunik2015,
	title={Randomization Inference in the Regression Discontinuity Design: An Application to Party Advantages in the US Senate},
	author={Cattaneo, Matias D and Frandsen, Brigham R and Titiunik, Rocio},
	journal={Journal of Causal Inference},
	volume={3},
	number={1},
	pages={1--24},
	year={2015},
	publisher={De Gruyter}
}

@article{Hoetal2007Matching,
	title={Matching as nonparametric preprocessing for reducing model dependence in parametric causal inference},
	author={Ho, Daniel E and Imai, Kosuke and King, Gary and Stuart, Elizabeth A},
	journal={Political analysis},
	volume={15},
	number={3},
	pages={199--236},
	year={2007},
	publisher={Cambridge University Press}
}

@article{Xu2017gsynth,
	title={Generalized Synthetic Control Method: Causal Inference with Interactive Fixed Effects Models},
	author={Xu, Yiqing},
	journal={Political Analysis},
	volume={25},
	number={1},
	pages={57--76},
	year={2017},
	publisher={Cambridge University Press}
}

@article{Manion1985,
  title={The Cadre Management System, post-Mao: The Appointment, Promotion, Transfer and Removal of Party and State leaders},
  author={Manion, Melanie},
  journal={The China Quarterly},
  volume={102},
  pages={203--233},
  year={1985},
  publisher={Cambridge University Press}
}

@article{Junzhi2010,
	title={Independent candidates in China's local people's congresses: a typology},
	author={Junzhi, He},
	journal={Journal of Contemporary China},
	volume={19},
	number={64},
	pages={311--333},
	year={2010},
	publisher={Taylor \& Francis}
}

@MISC{wvs,
  author= {Inglehart, Ronald and C. Haerpfer and A. Moreno and C. Welzel, K. Kizilova and J. Diez-Medrano, M. Lagos and P. Norris and E. Ponarin and B. Puranen and others},
  title = {World Values Survey: All Rounds - Country-Pooled},
  year = {2018},
  url = {http://www.worldvaluessurvey.org/WVSDocumentationWVL.jsp},
  note =         {[Online; Accessed 23-March-2014]},
  publisher = {JD Systems Institute},
  address = {Madrid}
}

@MISC{abs,
  title = {Asian Barometer Survey},
  year = {2018}
}

@misc{PEI,
	entrytype = {data},
	author = {Norris, Pippa and Grömping, Max},
	publisher = {Harvard Dataverse},
	title = "{Perceptions of Electoral Integrity, (PEI-7.0)}",
	UNF = {UNF:6:2wnukYraCZzg+gojPE/Ijg==},
	year = {2019},
	version = {V2},
	doi = {10.7910/DVN/PDYRWL},
	url = {https://doi.org/10.7910/DVN/PDYRWL}
}

@article{Ortmann2011,
	title={Singapore: Authoritarian but newly competitive},
	author={Ortmann, Stephan},
	journal={Journal of Democracy},
	volume={22},
	number={4},
	pages={153--164},
	year={2011},
	publisher={Johns Hopkins University Press}
}

@article{Tan2013,
	title={Manipulating electoral laws in Singapore},
	author={Tan, Netina},
	journal={Electoral Studies},
	volume={32},
	number={4},
	pages={632--643},
	year={2013},
	publisher={Elsevier}
}

@article{Gelman2013,
	title={Cracks in the wall: challenges to electoral authoritarianism in Russia},
	author={Gel'man, Vladimir},
	journal={Problems of Post-Communism},
	volume={60},
	number={2},
	pages={3--10},
	year={2013},
	publisher={Taylor \& Francis}
}

@article{Herron2011,
	title={Measuring dissent in electoral authoritarian societies: Lessons from Azerbaijan’s 2008 presidential election and 2009 referendum},
	author={Herron, Erik S},
	journal={Comparative Political Studies},
	volume={44},
	number={11},
	pages={1557--1583},
	year={2011},
	publisher={Sage Publications Sage CA: Los Angeles, CA}
}

@techreport{BaoViet2016,
	title={Tac dong cua Luat Ngan sach Nha nuoc giai doan 2017-2020 [Impacts of the State Budget Law, 2017-2020]},
	author={Bach, Thang N. and Nguyen, Binh X.},
	institution = {Baoviet Securities},
	year={2016},
	url={https://bsc.com.vn/Report/ReportFile/999846}
}

@article{Vu2016,
	title={Vietnam: Decentralization amidst Fragmentation},
	author={Vu, Anh T. T.},
	journal={Journal of Southeast Asian Economies},
	volume={33},
	number={2},
	pages={188--208},
	year={2016},
	publisher={Institute of Southeast Asian Studies}
}

@techreport{MartinezVazquez1998,
	title={Intergovernmental Fiscal Relations in Vietnam},
	author={McLure Jr, Charles E and Martinez-Vazquez, Jorge and others},
	year={1998},
	institution={International Center for Public Policy, Andrew Young School of Policy}
}

@techreport{MartinezVazquez2004,
	title={Making fiscal decentralization work in Vietnam},
	author={Martinez-Vazquez, Jorge and others},
	year={2004},
	institution={International Center for Public Policy, Andrew Young School of Policy},
	url={https://ideas.repec.org/p/ays/ispwps/paper0404.html}
}